@article{Aidala:2019hib,
    author = "Aidala, C. and others",
    collaboration = "PHENIX",
    title = "{Measurement of charm and bottom production from semileptonic hadron decays in $p+p$ collisions at $\sqrt{s_{NN}}=200$ GeV}",
    eprint = "1901.08405",
    archivePrefix = "arXiv",
    primaryClass = "hep-ex",
    doi = "10.1103/PhysRevD.99.092003",
    journal = "Phys. Rev. D",
    volume = "99",
    number = "9",
    pages = "092003",
    year = "2019"
}

@phdthesis{Zhang:2008gb,
    author = "Zhang, Yifei",
    title = "{Measurement of charm production cross-section and leptons from its semileptonic decay at RHIC}",
    eprint = "0809.1484",
    archivePrefix = "arXiv",
    primaryClass = "nucl-ex",
    school = "Hefei, CUST",
    year = "2007"
}
@article{SI2020135465,
title = {Charm and beauty isolation from heavy flavor decay electrons in Au+Au collisions at sNN = 200 GeV at RHIC},
journal = {Physics Letters B},
volume = {805},
pages = {135465},
year = {2020},
issn = {0370-2693},
doi = {https://doi.org/10.1016/j.physletb.2020.135465},
url = {https://www.sciencedirect.com/science/article/pii/S0370269320302690},
author = {Fan Si and Xiao-Long Chen and Long Zhou and Yi-Fei Zhang and Sheng-Hui Zhang and Xin-Yue Ju and Xiu-Jun Li and Xin Dong and Nu Xu},
keywords = {Quark-gluon plasma, Charm, Beauty, Semileptonic decay, Nuclear modification factor, Elliptic flow},

}
@article{Tang:2020ame,
    author = "Tang, Ze-Bo and Zha, Wang-Mei and Zhang, Yi-Fei",
    title = "{An experimental review of open heavy flavor and quarkonium production at RHIC}",
    doi = "10.1007/s41365-020-00785-8",
    journal = "Nucl. Sci. Tech.",
    volume = "31",
    number = "8",
    pages = "81",
    year = "2020"
}
@article{cacciari2012theoretical,
  title={Theoretical predictions for charm and bottom production at the LHC},
  author={Cacciari, Matteo and Frixione, Stefano and Houdeau, Nicolas and Mangano, Michelangelo L and Nason, Paolo and Ridolfi, Giovanni},
  journal={Journal of High Energy Physics},
  volume={2012},
  number={10},
  pages={1--24},
  year={2012},
  publisher={Springer}
}
@article{Sj_strand_2015,
   title={An introduction to PYTHIA 8.2},
   volume={191},
   ISSN={0010-4655},
   url={http://dx.doi.org/10.1016/j.cpc.2015.01.024},
   DOI={10.1016/j.cpc.2015.01.024},
   journal={Computer Physics Communications},
   publisher={Elsevier BV},
   author={Sjöstrand, Torbjörn and Ask, Stefan and Christiansen, Jesper R. and Corke, Richard and Desai, Nishita and Ilten, Philip and Mrenna, Stephen and Prestel, Stefan and Rasmussen, Christine O. and Skands, Peter Z.},
   year={2015},
   month={Jun},
   pages={159–177}
}
@article{tsallis1999nonextensive,
  title={Nonextensive statistics: theoretical, experimental and computational evidences and connections},
  author={Tsallis, Constantino},
  journal={Brazilian Journal of Physics},
  volume={29},
  number={1},
  pages={1--35},
  year={1999},
  publisher={SciELO Brasil}
}
@misc{explaination,title={实际上$y$的分布和$\phi$的分布并不会影响我们感兴趣的系统的动力学过程，只是为了模拟实验情况，对探测到的粒子的$y$进行筛选。}}